%% LaTeX2e file `bachelor-thesis.bib'
%% generated by the `filecontents' environment
%% from source `main' on 2016/05/04.
%%
 @inproceedings{ example-english,
  year        = {2015},
  booktitle   = {Proceedings of IEEE Congress on Evolutionary Computation},
  author      = {Maxim Buzdalov and Anatoly Shalyto},
  title       = {Hard Test Generation for Augmenting Path Maximum Flow
   Algorithms using Genetic Algorithms: Revisited},
  pages       = {2121-2128},
  langid      = {english}
 }

 @article{ example-russian,
  author      = {Виктор Сергеевич Хованский},
  title       = {Генерация тестов для олимпиадных задач по программированию
   с использованием генетических алгоритмов},
  journal     = {Научно-технический вестник {СПбГУ} {ИТМО}},
  number      = {2(72)},
  year        = {2011},
  pages       = {72-77},
  langid      = {russian}
 }
